@book{numerical,
   title =     {Numerical analysis},
   author =    {Burden R.L., Faires J.D.},
   publisher = {Brooks Cole},
   isbn =      {0538733519},
   year =      {2010},
   series =    {},
   edition =   {9ed.},
   volume =    {},
}
